<record><leader>00000cas a22000007a 4500</leader><controlfield tag="001">12871160</controlfield><controlfield tag="008">851204d1889191umtuwr ne      0    0eng d</controlfield><datafield ind1=" " ind2=" " tag="010"><subfield code="a">sn 85053333 </subfield></datafield><datafield ind1=" " ind2=" " tag="040"><subfield code="a">MTL</subfield><subfield code="b">eng</subfield><subfield code="c">MTL</subfield><subfield code="d">OCLCQ</subfield></datafield><datafield ind1=" " ind2=" " tag="042"><subfield code="a">msc</subfield></datafield><datafield ind1="0" ind2=" " tag="130"><subfield code="a">Inter lake (Kalispell, Mont.)</subfield></datafield><datafield ind1="1" ind2="4" tag="245"><subfield code="a">The Inter lake.</subfield></datafield><datafield ind1=" " ind2=" " tag="260"><subfield code="a">Demersville, Mont. :</subfield><subfield code="b">C.O. Ingalls</subfield></datafield><datafield ind1=" " ind2=" " tag="300"><subfield code="a">v. :</subfield><subfield code="b">ill. ;</subfield><subfield code="c">58 cm.</subfield></datafield><datafield ind1=" " ind2=" " tag="310"><subfield code="a">Weekly,</subfield><subfield code="b">May 21, 1897-&lt;Jan. 22, 1909&gt;</subfield></datafield><datafield ind1=" " ind2=" " tag="321"><subfield code="a">Weekly,</subfield><subfield code="b">&lt;Aug. 30, 1889&gt;-May 29, 1896</subfield></datafield><datafield ind1=" " ind2=" " tag="321"><subfield code="a">Semiweekly,</subfield><subfield code="b">June 2, 1896-May 14, 1897</subfield></datafield><datafield ind1="1" ind2=" " tag="362"><subfield code="a">Began with Aug. 10, 1889.</subfield><subfield code="z">Cf. Elwood, H. Kalispell, Montana and the upper Flathead Valley.</subfield></datafield><datafield ind1="1" ind2=" " tag="362"><subfield code="a">Ceased in 1910?</subfield></datafield><datafield ind1=" " ind2=" " tag="500"><subfield code="a">Last issue located: Vol. 20, no. 21 (Jan. 22, 1909).</subfield></datafield><datafield ind1=" " ind2=" " tag="500"><subfield code="a">Place of publication varies: Demersville, &lt;Aug. 30, 1889-Dec. 25, 1891&gt;; Kalispell, &lt;Sept. 2, 1892-Jan. 22, 1909&gt;.</subfield></datafield><datafield ind1=" " ind2=" " tag="500"><subfield code="a">"Republican."</subfield></datafield><datafield ind1=" " ind2=" " tag="588"><subfield code="a">Description based on: Vol. 1, no. 2 (Aug. 30, 1889).</subfield></datafield><datafield ind1=" " ind2=" " tag="752"><subfield code="a">United States</subfield><subfield code="b">Montana</subfield><subfield code="c">Flathead</subfield><subfield code="d">Kalispell.</subfield></datafield><datafield ind1=" " ind2=" " tag="752"><subfield code="a">United States</subfield><subfield code="b">Montana</subfield><subfield code="c">Flathead</subfield><subfield code="d">Demersville.</subfield></datafield><datafield ind1="0" ind2=" " tag="775"><subfield code="t">Daily inter lake</subfield><subfield code="w">(DLC)sn 85042382</subfield></datafield><datafield ind1="0" ind2="4" tag="785"><subfield code="t">Kalispell graphic</subfield><subfield code="g">Nov. 15, 1895</subfield><subfield code="w">(DLC)sn 85053332</subfield></datafield></record>